@misc{trafficcongestion,
author = "DIPAK K DASH",
title = "India loses Rs 60,000 crore due to traffic congestion: Study",
howpublished = "\url{https://timesofindia.indiatimes.com/india/india-loses-rs-60000-crore-due-to-traffic-congestion-study/articleshow/13678560.cms}",
note = "Times of India",
year = "2012"
}

@ARTICLE{infrared,  author={Hussain, T.M. and Saadawi, T.N. and Ahmed, S.A.},  journal={IEEE Transactions on Vehicular Technology},   title={Overhead infrared sensor for monitoring vehicular traffic},   year={1993},  volume={42},  number={4},  pages={477-483},  doi={10.1109/25.260764}}

@INPROCEEDINGS{multiloop,  author={Sheik Mohammed Ali, S and George, Boby and Vanajakshi, Lelitha},  booktitle={2011 Fifth International Conference on Sensing Technology},   title={A simple multiple loop sensor configuration for vehicle detection in an undisciplined traffic},   year={2011},  volume={},  number={},  pages={644-649},  doi={10.1109/ICSensT.2011.6137062}}

@ARTICLE{lowaltitude,  author={Cao, Xianbin and Wu, Changxia and Lan, Jinhe and Yan, Pingkun and Li, Xuelong},  journal={IEEE Transactions on Circuits and Systems for Video Technology},   title={Vehicle Detection and Motion Analysis in Low-Altitude Airborne Video Under Urban Environment},   year={2011},  volume={21},  number={10},  pages={1522-1533},  doi={10.1109/TCSVT.2011.2162274}}